<?xml version="1.0" encoding="UTF-8"?><record xmlns="http://www.loc.gov/MARC21/slim" xmlns:cinclude="http://apache.org/cocoon/include/1.0" xmlns:zs="http://www.loc.gov/zing/srw/">
  <leader>00476cz  a2200133n  4500</leader>
  <controlfield tag="001">n  89235301 </controlfield>
  <controlfield tag="003">DLC</controlfield>
  <controlfield tag="005">20070926072505.0</controlfield>
  <controlfield tag="008">950621n| acannaab           |a aaa      </controlfield>
  <datafield tag="010" ind1=" " ind2=" ">
    <subfield code="a">n  89235301 </subfield>
  </datafield>
  <datafield tag="040" ind1=" " ind2=" ">
    <subfield code="a">DLC</subfield>
    <subfield code="c">DLC</subfield>
    <subfield code="d">DLC</subfield>
  </datafield>
  <datafield tag="100" ind1="1" ind2=" ">
    <subfield code="a">Taḷaghaṭṭī, Śaṅkara Rāmacandra</subfield>
  </datafield>
  <datafield tag="400" ind1="0" ind2=" ">
    <subfield code="a">Śaṅkara Rāmacandra Taḷaghaṭṭī</subfield>
  </datafield>
  <datafield tag="670" ind1=" " ind2=" ">
    <subfield code="a">Śrījñāneśvara-vicāra-darśana, 1994:</subfield>
    <subfield code="b">t.p. (Prā. Ḍô. Śaṅkara Rāmacandra Taḷaghaṭṭī; M.A.; Ph. D.)</subfield>
  </datafield>
</record>